@misc{bworld,
	author = {John},
	title = {{Calculating the Volatility Smile}},
	howpublished = "\url{https://www.codearmo.com/python-tutorial/calculating-volatility-smile}",
	year = {2021}, 
}

@misc{bworld1,
	author = {D.Edwards},
	title = {{Numerical and Analytic Methods in Option Pricing}},
	howpublished = "\url{https://www.overleaf.com/articles/numerical-and-analytic-methods-in-option-pricing/rwpzvzwksgrc}",
	year = {2015}, 
}

 @misc{seth_2022, title={Circumventing the limitations of Black-Scholes}, howpublished = "\url{https://www.investopedia.com/articles/active-trading/041015/how-circumvent-limitations-blackscholes-model.asp#:~:text=Limitations%20of%20the%20Black%2DScholes%20Model,-There%20are%20limitations&amp;text=Assumes%20constant%20values%20for%20the,liquidity%20risk%20and%20brokerage%20charges.}", journal={Investopedia}, publisher={Investopedia}, author={Seth, Shobhit}, year={2022}, month={Mar}} 
 
 
 
